@misc{hazan,
Author = {Tamir Hazan and Tommi Jaakkola},
Title = {On the Partition Function and Random Maximum A-Posteriori Perturbations},
Year = {2012},
Eprint = {arXiv:1206.6410},
}